%   ****************************************
%   * File: SAMPLE.BIB                     *
%   ****************************************
%   * An invented bib file                 *
%   * For the sample texts                 *
%   * The order is unimportant and there   *
%   * may be more entries than references  *
%   * in the text                          *
%   ****************************************
% 
@ARTICLE{hello,
	AUTHOR = {J. G. Smith and H. K. Weston},
	TITLE = {Nothing Particular in this Year's History},
	YEAR = {1954},
	JOURNAL = {J. Geophys. Res.},
	VOLUME = {2},
	PAGES = {14-15}
}
@BOOK{colu92,
	AUTHOR = {Christopher Columbus},
	TITLE = {How {I} Discovered {America}},
	YEAR = {1492},
	PUBLISHER = {Hispanic Press},
	ADDRESS = {Barcelona}
}
@ARTICLE{gree00,
	AUTHOR = {R. J. Green and U. P. Fred and W. P. Norbert},
	TITLE = {Things that Go Bump in the Night},
	YEAR = {1900},
	JOURNAL = {Psych. Today},
	VOLUME = {46},
	PAGES = {345-678}
}
@ARTICLE{phil99,
	AUTHOR = {T. P. Phillips},
	TITLE = {Possible Influence of the Magnetosphere on {American} History},
	YEAR = {1999},
	JOURNAL = {J. Oddball Res.},
	VOLUME = {98},
	PAGES = {1000-1003}
}
@ARTICLE{jame76,
	AUTHOR = {Kelly James and Harris, Jr., George and Wilby Wollops},
	TITLE = {{American} Independence and Magnetism},
	YEAR = {1776},
	JOURNAL = {Revol. Tracts},
	VOLUME = {32},
	PAGES = {34-55}
}

@ONLINE{latex_project_latex_2018,
	author = {LaTeX Project},
	title = {{LaTeX} - A document preparation system},
	url = {https://www.latex-project.org/},
	urldate = {2018-03-19},
	date = {2018},
}

@misc{integrals,
  title={Integrals and series},
  author={Prudnikov, Anatoli{\u\i} Platonovich and Brychkov, Yu A and Marichev, Oleg Igorevich and Romer, Robert H},
  year={1988},
  publisher={American Association of Physics Teachers}
}

@ONLINE{carlisle_great_2001,
	author = {Carlisle, David and Pakin, Scott and Holt, Alexander},
	title = {The Great, Big List of {LaTeX} Symbols},
	url = {https://www.rpi.edu/dept/arc/training/latex/LaTeX_symbols.pdf},
	date = {2001-02-07},
}

@ARTICLE{yu_gpu_2014,
	author = {Yu, Huidan and Chen, Rou and Wang, Hengjie and Yuan, Zhi and Zhao, Ye and An, Yiran and Xu, Yousheng and Zhu, Luoding},
	title = {{GPU} accelerated lattice Boltzmann simulation for rotational turbulence},
	volume = {67},
	issn = {0898-1221},
	url = {http://www.sciencedirect.com/science/article/pii/S0898122113005816},
	doi = {10.1016/j.camwa.2013.09.017},
	pages = {445--451},
	number = {2},
	journaltitle = {Computers \& Mathematics with Applications},
	urldate = {2018-03-20},
	date = {2014-02-01},
}

@ARTICLE{strzodka_gpu-accelerated_2013,
	title = {{GPU}-Accelerated Algebraic Multigrid for Applied {CFD}},
	volume = {61},
	issn = {1877-7058},
	url = {http://www.sciencedirect.com/science/article/pii/S1877705813012137},
	doi = {10.1016/j.proeng.2013.08.031},
	%series = {25th International Conference on Parallel Computational Fluid Dynamics},
	pages = {381--387},
	journaltitle = {Procedia Engineering},
	author = {Strzodka, Robert and Cohen, Jonathan and Posey, Stan},
	urldate = {2018-03-20},
	date = {2013-01-01},
}